<record><leader>00000cas a22000007a 4500</leader><controlfield tag="001">20580967</controlfield><controlfield tag="008">891101c19559999mouwr ne      0    0eng d</controlfield><datafield ind1=" " ind2=" " tag="010"><subfield code="a">sn 89067425 </subfield></datafield><datafield ind1=" " ind2=" " tag="040"><subfield code="a">MQN</subfield><subfield code="b">eng</subfield><subfield code="c">MQN</subfield><subfield code="d">OCLCQ</subfield></datafield><datafield ind1=" " ind2=" " tag="042"><subfield code="a">msc</subfield></datafield><datafield ind1="0" ind2=" " tag="130"><subfield code="a">Jackson County advocate (Grandview, Mo.)</subfield></datafield><datafield ind1="1" ind2="4" tag="245"><subfield code="a">The Jackson County advocate.</subfield></datafield><datafield ind1=" " ind2=" " tag="260"><subfield code="a">Grandview, Mo. :</subfield><subfield code="b">James D. Turnbaugh,</subfield><subfield code="c">1955-</subfield></datafield><datafield ind1=" " ind2=" " tag="300"><subfield code="a">v.</subfield></datafield><datafield ind1=" " ind2=" " tag="310"><subfield code="a">Weekly</subfield></datafield><datafield ind1="0" ind2=" " tag="362"><subfield code="a">65th year, no. 14 (May 26, 1955)-</subfield></datafield><datafield ind1=" " ind2=" " tag="515"><subfield code="a">Continues numbering of: Jackson County times (Grandview, Mo.).</subfield></datafield><datafield ind1=" " ind2=" " tag="752"><subfield code="a">United States</subfield><subfield code="b">Missouri</subfield><subfield code="c">Jackson</subfield><subfield code="d">Grandview.</subfield></datafield><datafield ind1="0" ind2="4" tag="780"><subfield code="t">Grandview advocate</subfield><subfield code="w">(DLC)sn 89067424</subfield></datafield><datafield ind1="0" ind2="4" tag="780"><subfield code="t">Jackson County times (Grandview, Mo.)</subfield></datafield></record>